@article{roweis2004neighbourhood,
  title={Neighbourhood component analysis},
  author={Roweis, Sam and Hinton, Geoffrey and Salakhutdinov, Ruslan},
  journal={Adv. Neural Inf. Process. Syst.(NIPS)},
  volume={17},
  pages={513--520},
  year={2004}
}
@book{周志华2016机器学习,
  title={机器学习},
  author={周志华},
  year={2016},
  publisher={Qing hua da xue chu ban she}
}
