@book{周志华2016机器学习,
  title={机器学习},
  author={周志华},
  year={2016},
  publisher={清华大学出版社}
}
@article{李航2012统计学习方法,
  title={统计学习方法},
  author={李航 and others},
  journal={清华大学出版社, 北京},
  year={2012}
}

